@article{alsolai2020systematic,
  title={A systematic literature review of machine learning techniques for software maintainability prediction},
  author={Alsolai, Hadeel and Roper, Marc},
  journal={Information and Software Technology},
  volume={119},
  pages={106214},
  year={2020},
  publisher={Elsevier},
  note={Classification internal and external attributes, search process note the libraries and publishers, process review fig. 2, table 3 measurements and metrics RQ1 and RQ2, table 4 interesting comparison, maintainability cannot be measured directly, table 5, fig.7, read more about evaluation measures in fig. 13}
}

@article{malhotra2020systematic,
  title={A systematic literature review on empirical studies towards prediction of software maintainability},
  author={Malhotra, Ruchika and Lata, Kusum},
  journal={Soft Computing},
  volume={24},
  number={21},
  pages={16655--16677},
  year={2020},
  publisher={Springer},
  note={Interesting comaprative RQ8, table 2 empty, range of number of studies within the same range as other papers, too focus on machine leraning techniques, type of metrics, traditional, composite and OO metrics}
}

@article{khezami2021systematic,
  title={A Systematic Literature Review on Software Maintenance for Cyber-physical Systems},
  author={Khezami, Nadhira and Kessentini, Marouane and Ferreira, Thiago Do N},
  journal={IEEE Access},
  year={2021},
  publisher={IEEE},
  note={Interesting reasearch questions, definition of cyber-physical system is too broad, paper reference per category and percentage}
}

@article{malhotra2016software,
  title={Software maintainability: Systematic literature review and current trends},
  author={Malhotra, Ruchika and Chug, Anuradha},
  journal={International Journal of Software Engineering and Knowledge Engineering},
  volume={26},
  number={08},
  pages={1221--1253},
  year={2016},
  publisher={World Scientific},
  note={Different range of years included within the literature review, desgin metrics most favored capture characteristics bero deploying software, factors, improvement and prediciton, impact factor on publishers, list of comnferences, maintenance advantages, levels to measure maintainability, process, architecture or code level}
}

@inproceedings{riaz2009systematic,
  title={A systematic review of software maintainability prediction and metrics},
  author={Riaz, Mehwish and Mendes, Emilia and Tempero, Ewan},
  booktitle={2009 3rd international symposium on empirical software engineering and measurement},
  pages={367--377},
  year={2009},
  organization={IEEE}
}

@article{tian2021impact,
  title={The impact of traceability on software maintenance and evolution: A mapping study},
  author={Tian, Fangchao and Wang, Tianlu and Liang, Peng and Wang, Chong and Khan, Arif Ali and Babar, Muhammad Ali},
  journal={Journal of Software: Evolution and Process},
  volume={33},
  number={10},
  pages={e2374},
  year={2021},
  publisher={Wiley Online Library}
}